<mx:record xmlns="http://www.w3.org/TR/xhtml1/strict" xmlns:mx="http://www.loc.gov/MARC21/slim" xmlns:xsi="http://www.w3.org/2001/XMLSchema-instance"><mx:leader>00000cz   2200000n  0000</mx:leader><mx:controlfield tag="001">oca02570140 </mx:controlfield><mx:controlfield tag="005">20041203162541.0</mx:controlfield><mx:controlfield tag="008">890728n| acannaab           |a aaa     b</mx:controlfield><mx:datafield ind1=" " ind2=" " tag="010"><mx:subfield code="a">n  88091065</mx:subfield></mx:datafield><mx:datafield ind1=" " ind2=" " tag="040"><mx:subfield code="a">DNLM</mx:subfield><mx:subfield code="c">DLC</mx:subfield></mx:datafield><mx:datafield ind1="0" ind2="0" tag="100"><mx:subfield code="a">Demetrius Pepagomenus,</mx:subfield><mx:subfield code="d">fl. 1260</mx:subfield></mx:datafield><mx:datafield ind1="1" ind2="0" tag="400"><mx:subfield code="a">Pepagomenus, Demetrius,</mx:subfield><mx:subfield code="d">fl. 1260</mx:subfield></mx:datafield><mx:datafield ind1="0" ind2="0" tag="400"><mx:subfield code="a">Demetrios Pepogomenos,</mx:subfield><mx:subfield code="d">fl. 1260</mx:subfield></mx:datafield><mx:datafield ind1="0" ind2="0" tag="400"><mx:subfield code="a">Phaemon,</mx:subfield><mx:subfield code="d">fl. 1260</mx:subfield></mx:datafield><mx:datafield ind1=" " ind2=" " tag="670"><mx:subfield code="a">His Cynosophion, seu de cura canum liber, 1545:</mx:subfield><mx:subfield code="b">t.p. (Phaemonis ...)</mx:subfield></mx:datafield><mx:datafield ind1=" " ind2=" " tag="670"><mx:subfield code="a">Wellcome cat. of printed books:</mx:subfield><mx:subfield code="b">v. 1 (Demetrius Pepagomenus, fl. 1260)</mx:subfield></mx:datafield><mx:datafield ind1=" " ind2=" " tag="670"><mx:subfield code="a">BM</mx:subfield><mx:subfield code="b">(Pepagomenus, Demetrius)</mx:subfield></mx:datafield><mx:datafield ind1=" " ind2=" " tag="670"><mx:subfield code="a">Pauly-Wissowa. Real-encyc. der class. Altertum:</mx:subfield><mx:subfield code="b">v. 4, col. 2848 (Demetrios Pepagomenos, fl. 2nd half of 13th c., Byzantine physician)</mx:subfield></mx:datafield><mx:datafield ind1=" " ind2=" " tag="670"><mx:subfield code="a">NUC pre-56</mx:subfield><mx:subfield code="b">(Demetrius Pepagomenus)</mx:subfield></mx:datafield><mx:datafield ind1=" " ind2=" " tag="670"><mx:subfield code="a">His Liber de podagra, 1753:</mx:subfield><mx:subfield code="b">t.p. (Demetrii Pepagomeni ...)</mx:subfield></mx:datafield></mx:record>